@BOOK{DUMMY:1,
AUTHOR="John Doe",
TITLE="The Book without Title",
PUBLISHER="Dummy Publisher",
YEAR="2100",
}

@book{Eklund:2,
publisher = {Studentlitteratur},
isbn = {978-91-44-07275-3},
year = {2011},
title = {Arbeta i projekt : individen, gruppen, ledaren},
edition = {4. uppl..},
language = {swe},
address = {Lund},
author = {Eklund, Sven},
keywords = {Projektarbete; Projektadministration; Project management},
}
